@article{patterns1991unicode,
  title={{The Unicode Standard, Version 5.1}},
  author={Patterns, B.},
  journal={Unicode, Inc},
  volume={2008},
  year={1991}
}

@misc{davis2008moving,
  title={{Moving to Unicode 5.1}},
  author={Davis, M.},
  year={2008}
}

@book{dan1988daftar,
  title={{Daftar ejaan Rumi-Jawi}},
  author={},
  year={2008},
  publisher={Dewan Bahasa dan Pustaka, Kementerian Pendidikan Malaysia}
}
